%!TEX root = HW2.tex

@misc{totenberg_2017,
title={This Supreme Court Case Could Radically Reshape Politics},
url={http://www.npr.org/2017/10/03/552904504/this-supreme-court-case-could-radically-reshape-politics},
journal={NPR}, 
publisher={NPR}, 
author={Totenberg, Nina}, 
year={2017}, 
month={Oct}
}
